%problem
@techreport{khedker1997makes,
  title={What makes a good programming language},
  author={Khedker, Uday P},
  year={1997},
  institution={Technical Report TR-97-upk-1, Department of Computer Science University of Pune}
}
@book{graham2004hackers,
  title={Hackers \& painters: big ideas from the computer age},
  author={Graham, Paul},
  year={2004},
  publisher={" O'Reilly Media, Inc."}
}
@book{pierce2002types,
  title={Types and programming languages},
  author={Pierce, Benjamin C},
  year={2002},
  publisher={MIT press}
}

